@article{Bultinck2017,
    title     = {Fermionic matrix product states and one-dimensional topological phases},
    author    = {Bultinck, Nick and Williamson, Dominic J. and Haegeman, Jutho and Verstraete, Frank},
    journal   = {Phys. Rev. B},
    volume    = {95},
    issue     = {7},
    pages     = {075108},
    numpages  = {20},
    year      = {2017},
    month     = {Feb},
    publisher = {American Physical Society},
    doi       = {10.1103/PhysRevB.95.075108},
    url       = {https://link.aps.org/doi/10.1103/PhysRevB.95.075108}
}

@article{Bultinck20172,
    doi       = {10.1088/1751-8121/aa99cc},
    url       = {https://dx.doi.org/10.1088/1751-8121/aa99cc},
    year      = {2017},
    month     = {dec},
    publisher = {IOP Publishing},
    volume    = {51},
    number    = {2},
    pages     = {025202},
    author    = {Nick Bultinck and Dominic J Williamson and Jutho Haegeman and Frank Verstraete},
    title     = {Fermionic projected entangled-pair states and topological phases},
    journal   = {Journal of Physics A: Mathematical and Theoretical}
}

@article{Fishman2018,
    title     = {Faster methods for contracting infinite two-dimensional tensor networks},
    author    = {Fishman, M. T. and Vanderstraeten, L. and Zauner-Stauber, V. and Haegeman, J. and Verstraete, F.},
    journal   = {Phys. Rev. B},
    volume    = {98},
    issue     = {23},
    pages     = {235148},
    numpages  = {17},
    year      = {2018},
    month     = {Dec},
    publisher = {American Physical Society},
    doi       = {10.1103/PhysRevB.98.235148},
    url       = {https://link.aps.org/doi/10.1103/PhysRevB.98.235148}
}


@misc{Mortier2024,
    title         = {Fermionic tensor network methods},
    author        = {Quinten Mortier and Lukas Devos and Lander Burgelman and Bram Vanhecke and Nick Bultinck and Frank Verstraete and Jutho Haegeman and Laurens Vanderstraeten},
    year          = {2024},
    eprint        = {2404.14611},
    archiveprefix = {arXiv},
    primaryclass  = {quant-ph}
}

@misc{Gu2010,
    title         = {Grassmann tensor network states and its renormalization for strongly correlated fermionic and bosonic states},
    author        = {Zheng-Cheng Gu and Frank Verstraete and Xiao-Gang Wen},
    year          = {2010},
    eprint        = {1004.2563},
    archiveprefix = {arXiv},
    primaryclass  = {cond-mat.str-el}
}

@article{Gu2013,
    title     = {Efficient simulation of Grassmann tensor product states},
    author    = {Gu, Zheng-Cheng},
    journal   = {Phys. Rev. B},
    volume    = {88},
    issue     = {11},
    pages     = {115139},
    numpages  = {12},
    year      = {2013},
    month     = {Sep},
    publisher = {American Physical Society},
    doi       = {10.1103/PhysRevB.88.115139},
    url       = {https://link.aps.org/doi/10.1103/PhysRevB.88.115139}
}

@article{Corboz2010,
    title     = {Simulation of strongly correlated fermions in two spatial dimensions with fermionic projected entangled-pair states},
    author    = {Corboz, Philippe and Or\'us, Rom\'an and Bauer, Bela and Vidal, Guifr\'e},
    journal   = {Phys. Rev. B},
    volume    = {81},
    issue     = {16},
    pages     = {165104},
    numpages  = {22},
    year      = {2010},
    month     = {Apr},
    publisher = {American Physical Society},
    doi       = {10.1103/PhysRevB.81.165104},
    url       = {https://link.aps.org/doi/10.1103/PhysRevB.81.165104}
}

@article{Corboz2011,
    title     = {Stripes in the two-dimensional {$t$-$J$} model with infinite projected entangled-pair states},
    author    = {Corboz, Philippe and White, Steven R. and Vidal, Guifr\'e and Troyer, Matthias},
    journal   = {Phys. Rev. B},
    volume    = {84},
    issue     = {4},
    pages     = {041108},
    numpages  = {5},
    year      = {2011},
    month     = {Jul},
    publisher = {American Physical Society},
    doi       = {10.1103/PhysRevB.84.041108},
    url       = {https://link.aps.org/doi/10.1103/PhysRevB.84.041108}
}


@article{Corboz2014,
    title     = {Competing States in the {$t$-$J$} Model: Uniform $d$-Wave State versus Stripe State},
    author    = {Corboz, Philippe and Rice, T. M. and Troyer, Matthias},
    journal   = {Phys. Rev. Lett.},
    volume    = {113},
    issue     = {4},
    pages     = {046402},
    numpages  = {5},
    year      = {2014},
    month     = {Jul},
    publisher = {American Physical Society},
    doi       = {10.1103/PhysRevLett.113.046402},
    url       = {https://link.aps.org/doi/10.1103/PhysRevLett.113.046402}
}

@article{Corboz2010Entangle,
    title     = {Simulation of interacting fermions with entanglement renormalization},
    author    = {Corboz, Philippe and Evenbly, Glen and Verstraete, Frank and Vidal, Guifr\'e},
    journal   = {Phys. Rev. A},
    volume    = {81},
    issue     = {1},
    pages     = {010303},
    numpages  = {4},
    year      = {2010},
    month     = {Jan},
    publisher = {American Physical Society},
    doi       = {10.1103/PhysRevA.81.010303},
    url       = {https://link.aps.org/doi/10.1103/PhysRevA.81.010303}
}

@article{Levin2007,
    title     = {Tensor Renormalization Group Approach to Two-Dimensional Classical Lattice Models},
    author    = {Levin, Michael and Nave, Cody P.},
    journal   = {Phys. Rev. Lett.},
    volume    = {99},
    issue     = {12},
    pages     = {120601},
    numpages  = {4},
    year      = {2007},
    month     = {Sep},
    publisher = {American Physical Society},
    doi       = {10.1103/PhysRevLett.99.120601},
    url       = {https://link.aps.org/doi/10.1103/PhysRevLett.99.120601}
}


@article{Orus2014,
    title   = {A practical introduction to tensor networks: Matrix product states and projected entangled pair states},
    journal = {Annals of Physics},
    volume  = {349},
    pages   = {117-158},
    year    = {2014},
    issn    = {0003-4916},
    doi     = {https://doi.org/10.1016/j.aop.2014.06.013},
    url     = {https://www.sciencedirect.com/science/article/pii/S0003491614001596},
    author  = {Román Orús}
}

@book{Varadarajan2004,
    title     = {Supersymmetry for Mathematicians: An Introduction: An Introduction},
    author    = {Varadarajan, Veeravalli S},
    volume    = {11},
    year      = {2004},
    publisher = {American Mathematical Soc.}
}


@article{VUMPS2018,
    title     = {Variational optimization algorithms for uniform matrix product states},
    author    = {Zauner-Stauber, V. and Vanderstraeten, L. and Fishman, M. T. and Verstraete, F. and Haegeman, J.},
    journal   = {Phys. Rev. B},
    volume    = {97},
    issue     = {4},
    pages     = {045145},
    numpages  = {31},
    year      = {2018},
    month     = {Jan},
    publisher = {American Physical Society},
    doi       = {10.1103/PhysRevB.97.045145},
    url       = {https://link.aps.org/doi/10.1103/PhysRevB.97.045145}
}

@article{Nietner2020,
    title     = {Efficient variational contraction of two-dimensional tensor networks with a non-trivial unit cell},
    volume    = {4},
    issn      = {2521-327X},
    url       = {http://dx.doi.org/10.22331/q-2020-09-21-328},
    doi       = {10.22331/q-2020-09-21-328},
    journal   = {Quantum},
    publisher = {Verein zur Forderung des Open Access Publizierens in den Quantenwissenschaften},
    author    = {Nietner,  A. and Vanhecke,  B. and Verstraete,  F. and Eisert,  J. and Vanderstraeten,  L.},
    year      = {2020},
    month     = sep,
    pages     = {328}
}

@article{Vanderstraeten2019,
    title     = {{Tangent-space methods for uniform matrix product states}},
    author    = {Laurens Vanderstraeten and Jutho Haegeman and Frank Verstraete},
    journal   = {SciPost Phys. Lect. Notes},
    pages     = {7},
    year      = {2019},
    publisher = {SciPost},
    doi       = {10.21468/SciPostPhysLectNotes.7},
    url       = {https://scipost.org/10.21468/SciPostPhysLectNotes.7}
}

@article{Corboz2016,
    title     = {Variational optimization with infinite projected entangled-pair states},
    author    = {Corboz, Philippe},
    journal   = {Phys. Rev. B},
    volume    = {94},
    issue     = {3},
    pages     = {035133},
    numpages  = {11},
    year      = {2016},
    month     = {Jul},
    publisher = {American Physical Society},
    doi       = {10.1103/PhysRevB.94.035133},
    url       = {https://link.aps.org/doi/10.1103/PhysRevB.94.035133}
}


@phdthesis{BaoThesis2019,
    author    = {{Bao, Chenfeng}},
    title     = {Loop Optimization of Tensor Network Renormalization: Algorithms and Applications},
    year      = {2019},
    publisher = {UWSpace},
    school    = {University of Waterloo},
    url       = {http://hdl.handle.net/10012/14674}
}

@article{Yang2017,
    title     = {Loop Optimization for Tensor Network Renormalization},
    author    = {Yang, Shuo and Gu, Zheng-Cheng and Wen, Xiao-Gang},
    journal   = {Phys. Rev. Lett.},
    volume    = {118},
    issue     = {11},
    pages     = {110504},
    numpages  = {6},
    year      = {2017},
    month     = {Mar},
    publisher = {American Physical Society},
    doi       = {10.1103/PhysRevLett.118.110504},
    url       = {https://link.aps.org/doi/10.1103/PhysRevLett.118.110504}
}

@article{Liao2019,
    title     = {Differentiable Programming Tensor Networks},
    author    = {Liao, Hai-Jun and Liu, Jin-Guo and Wang, Lei and Xiang, Tao},
    journal   = {Phys. Rev. X},
    volume    = {9},
    issue     = {3},
    pages     = {031041},
    numpages  = {12},
    year      = {2019},
    month     = {Sep},
    publisher = {American Physical Society},
    doi       = {10.1103/PhysRevX.9.031041},
    url       = {https://link.aps.org/doi/10.1103/PhysRevX.9.031041}
}

@article{Ponsioen2022,
    title     = {{Automatic differentiation applied to excitations with projected entangled pair states}},
    author    = {Boris Ponsioen and Fakher F. Assaad and Philippe Corboz},
    journal   = {SciPost Phys.},
    volume    = {12},
    pages     = {006},
    year      = {2022},
    publisher = {SciPost},
    doi       = {10.21468/SciPostPhys.12.1.006},
    url       = {https://scipost.org/10.21468/SciPostPhys.12.1.006}
}

@misc{Francuz2023,
    title         = {Stable and efficient differentiation of tensor network algorithms},
    author        = {Anna Francuz and Norbert Schuch and Bram Vanhecke},
    year          = {2023},
    eprint        = {2311.11894},
    archiveprefix = {arXiv},
    primaryclass  = {quant-ph},
    url           = {https://arxiv.org/abs/2311.11894}
}

@article{Phien2015,
    title     = {Infinite projected entangled pair states algorithm improved: Fast full update and gauge fixing},
    author    = {Phien, Ho N. and Bengua, Johann A. and Tuan, Hoang D. and Corboz, Philippe and Or\'us, Rom\'an},
    journal   = {Phys. Rev. B},
    volume    = {92},
    issue     = {3},
    pages     = {035142},
    numpages  = {12},
    year      = {2015},
    month     = {Jul},
    publisher = {American Physical Society},
    doi       = {10.1103/PhysRevB.92.035142},
    url       = {https://link.aps.org/doi/10.1103/PhysRevB.92.035142}
}
